@inproceedings{civi00,
 author = {Emin Civi},
 title = {Knowledge management as a competitive asset: a review},
 booktitle = {Marketing Intelligence \& Planning},
 volume ={18},
 issue = {4},
 year = {2000},
 pages = {166--174}
} 


@inproceedings{cook99,
 author = {S.D.N. Cook and J.S. Brown},
 title = {Bridging epistemologies: the generative dance between
organizational knowledge and organizational knowing},
 booktitle = {Organization Science},
 series = {10},
 year = {1999},
 pages = {81--400}
} 

@inproceedings{ceruttia07,
 author = {Eugenio Ceruttia and Giovanni DellAricciaa and Maria Soledad Martinez Peria},
 title = {How banks go abroad: Branches or subsidiaries?},
 booktitle = {Journal of Banking and Finance},
 series = {},
 issue={6},
 volume={31},
 year = {2007},
 pages = {}
}


@book{brooks95,
 author = {Brooks Jr., Frederick P.},
 title = {The Mythical Man-Month Essays on Software Engineering},
 booktitle = {},
 series = {},
 year = {1995},
 pages = {224}
} 

@inproceedings{wiig97,
 author = {Karl M. Wiig},
 title = {Knowledge Management: Where Did It Come From and
Where Will It Go? },
 booktitle = {Expert Systems With Applications},
 volume = {13},
 series = {1},
 year = {1997},
 pages = {1--14}
} 

@misc{ibrahim09,
 author = {Fahmi Ibrahim and Vivien Reid},
 title = {What is the Value of Knowledge Management Practices? },
 booktitle = {Electronic Journal of Knowledge Management},
 volume = {7},
 issue = {5},
 year = {2009},
 pages = {567--574}
} 

@inproceedings{monperrus11,
 author = {Monperrus, Martin and Eichberg, Michael and Tekes, Elif and Mezini, Mira},
 title = {What should developers be aware of? An empirical study on the directives of API documentation},
 booktitle = {doi:10.1007/s10664-011-9186-4},
 series = {},
 year = {2011},
 pages = {}
} 

@inproceedings{Newell06,
 author = {Newell, Sue and Galliers, Robert},
 title = {Knowledge Transfer: Short-circuiting the learning cycle?},
 booktitle = {Hawaii International Conference on System Sciences},
 series = {},
 year = {2006},
 pages = {}
} 

@inproceedings{Steinmacher12,
 author = {Igor Steinmacher and Igor Scaliante Wiese and Marco Aurélio Gerosa},
 title = {Recommending Mentors to Software Project Newcomers},
 booktitle = {International Workshop on Recommendation Systems for Software},
 series = {RSSE 2012},
 year = {2012},
 pages = {}
} 

@inproceedings{Dagenais10,
 author = {Barthélémy Dagenais and Harold Ossher and Rachel K. E. Bellamy and Martin P. Robillard and Jacqueline P. de Vries},
 title = {Moving into a New Software Project Landscape},
 booktitle = {International Conference on Software Engineering},
 series = {ICSE '10},
 year = {2010},
 pages = {}
} 

@inproceedings{Razavi06,
 author = {Maryam N. Razavi and Lee Iverson},
 title = {A Grounded Theory of Information Sharing Behavior in a Personal Learning Space},
 booktitle = {Computer Supported Cooperative Work},
 series = {CSCW'06},
 year = {2006},
 pages = {}
} 

@misc{Whitworth06,
   author = { Elizabeth Whitworth},
   title  = {Agile Experience: Communication and Collaboration in Agile Software Development Teams},
   booktitle = {A thesis submitted in partial fulfillment of the requirements for the degree of Master of Arts},
   year = {2006}
   }
